@booklet{metway_2011,
  author = {Helsinki Metropolia UAS},
  title = {{The Metropolia Way}},
  address = {Helsinki, Finland},
  year = {2011},
  url = {http://www.metropolia.fi/fileadmin/user_upload/Yleiset/Auditointi/The_Metropolia_way.pdf},
}


@inproceedings{hjort_2015,
  author = {Peter Hjort and Jaana Holvikivi and Petri Vesikivi and Sakari Lukkarinen},
  title = {{Student Collaboration and Independence from Day One in Higher Education}},
  crossref = {sefi_2014},
  url = {http://www.sefi.be/conference-2015/CHAP%207.%20New%20Education%20Tools%20for%20Engineering%20Education/56471-%20P%20HJORT.pdf},
  keywords = {metacognition, collaborative learning, teamwork},
}


@inproceedings{holvikivi_2015,
  author = {Jaana Holvikivi and Sakari Lukkarinen and Minna Lakkala and Peter Hjort and Petri Vesikivi},
  title = {{Adoption of a New Project-Based Learning (PBL) Curriculum in Information Technology}},
  crossref = {sefi_2014},
  url = {http://www.sefi.be/conference-2015/CHAP%2015.%20Curriculum%20Developement/56474-%20J.%20HOLVIKIVI.pdf},
  keywords = {Problem-based learning, curriculum development},
}


@proceedings{sefi_2014,
  editor = {Kamel Hawwash and Christophe Léger},
  title = {{Proceedings of the 43rd SEFI Annual Conference 2014 - Diversity in engineering education: an opportunity to face the new trends of engineering}},
  booktitle = {Proceedings of the 43rd SEFI Annual Conference 2014 - Diversity in engineering education: an opportunity to face the new trends of engineering},
  publisher = {SEFI - Société Européenne pour la Formation des Ingénieurs},
  address = {Brussels, Belgium},
  venue = {Orléans, France},
  month = {june},
  year = {2015},
  isbn = {978-2-87352-012-0},
}


@article{undefined,
  author = {Jaana Holvikivi and Sakari Lukkarinen and Minna Lakkala and Peter Hjort and Petri Vesikivi},
  title = {{Adoption of a New Project-Based Learning (PBL) Curriculum in Information Technology}},
  crossref = {sefi_2014},
  url = {http://www.sefi.be/conference-2015/CHAP%2015.%20Curriculum%20Developement/56474-%20J.%20HOLVIKIVI.pdf},
  keywords = {Problem-based learning, curriculum development},
}
